@manual{ben-kiki_evans_net_2009, title={YAML Ain’t Markup Language (YAML™) Version 1.2}, url={https://yaml.org/spec/1.2/spec.html}, journal={YAML Ain't Markup Language (YAML™) Version 1.2}, author={Ben-Kiki, Oren and Evans, Clark and Net, Ingy döt}, year={2009}, month={Jan}}

@misc{xml_tutorial, title={XML Tutorial}, url={https://www.w3schools.com/xml/}, journal={XML Tutorial}}

@misc{yaml_json_comparison, title={YAML to JSON}, url={https://www.json2yaml.com/convert-yaml-to-json}, journal={Convert YAML to JSON}}


@misc{so_streams, title={What is a stream?}, url={https://stackoverflow.com/a/1216400}, journal={Stack Overflow}, author={Jessop, Steve}, year={2009}, month={Aug}}

@misc{google_protobuf, title={Protocol Buffers  |  Google Developers}, url={https://developers.google.com/protocol-buffers/}, journal={Google}, publisher={Google}}

@misc{wiki_computer_file, title={Computer file}, url={https://en.wikipedia.org/wiki/Computer_file}, journal={Wikipedia}, publisher={Wikimedia Foundation}, year={2019}, month={May}}

@misc{arduino_nano_specs, title={Arduino Nano Tech Specs}, url={https://store.arduino.cc/usa/arduino-nano}, journal={Arduino Nano}}
